@article{hart1996sphere,
  title={Sphere tracing: A geometric method for the antialiased ray tracing of implicit surfaces},
  author={Hart, John C},
  journal={The Visual Computer},
  volume={12},
  number={10},
  pages={527--545},
  year={1996},
  publisher={Citeseer}
}

@manual{glslang:2020,
  title  = "The OpenGL\textsuperscript{\textcopyright} Shading Language",
  author = "John Kessenich, Dave Baldwin, Randi Rost",
  note   = "\url{https://www.khronos.org/registry/OpenGL/specs/gl/GLSLangSpec.4.40.pdf}",
  year   = "2020 (accessed September 02, 2020)"
}

@book{glassner1989introduction,
  title={An introduction to ray tracing},
  author={Glassner, Andrew S},
  year={1989},
  publisher={Elsevier}
}

@article{goldman2005curvature,
  title={Curvature formulas for implicit curves and surfaces},
  author={Goldman, Ron},
  journal={Computer Aided Geometric Design},
  volume={22},
  number={7},
  pages={632--658},
  year={2005},
  publisher={Elsevier}
}

@article{phong1975illumination,
  title={Illumination for computer generated pictures},
  author={Phong, Bui Tuong},
  journal={Communications of the ACM},
  volume={18},
  number={6},
  pages={311--317},
  year={1975},
  publisher={ACM New York, NY, USA}
}

@article{cite,
  title={Illumination for Computer Generated Pictures},
  author={Phong, Bui Tuong},
  journal={Communications},
  year={1975}
}

@online{2ddistinigo, 
    title={2D distance functions},
    note={\url{https://www.iquilezles.org/www/articles/distfunctions2d/distfunctions2d.htm}}, 
    author={I침igo Quilez},
    year={2018},
    urldate = {2020-09-03}
}

@online{interiorinigo, 
    title={interior SDFs - 2020},
    note={\url{https://www.iquilezles.org/www/articles/interiordistance/interiordistance.htm}}, 
    author={I침igo Quilez},
    year={2020},
    urldate = {2020-09-03}
}

@online{3ddistinigo, 
    title={distance functions},
    note={\url{https://www.iquilezles.org/www/articles/distfunctions/distfunctions.htm}}, 
    author={I침igo Quilez},
    year={2011},
    urldate = {2020-09-03}
}

@online{projections, 
    title={Chapter 12. Texture Mapping},
    note={\url{http://www.fsz.bme.hu/~szirmay/texture.pdf}}, 
    author={Magyar Tud칩sok},
    year={2004},
    urldate = {2020-03-09}
}