@article{hart1996sphere,
  title={Sphere tracing: A geometric method for the antialiased ray tracing of implicit surfaces},
  author={Hart, John C},
  journal={The Visual Computer},
  volume={12},
  number={10},
  pages={527--545},
  year={1996},
  publisher={Citeseer}
}

@manual{glslang:2020,
  title  = "The OpenGL\textsuperscript{\textcopyright} Shading Language",
  author = "John Kessenich, Dave Baldwin, Randi Rost",
  note   = "\url{https://www.khronos.org/registry/OpenGL/specs/gl/GLSLangSpec.4.40.pdf}",
  year   = "2020 (accessed September 02, 2020)"
}

@book{glassner1989introduction,
  title={An introduction to ray tracing},
  author={Glassner, Andrew S},
  year={1989},
  publisher={Elsevier}
}

@article{goldman2005curvature,
  title={Curvature formulas for implicit curves and surfaces},
  author={Goldman, Ron},
  journal={Computer Aided Geometric Design},
  volume={22},
  number={7},
  pages={632--658},
  year={2005},
  publisher={Elsevier}
}

@article{phong1975illumination,
  title={Illumination for computer generated pictures},
  author={Phong, Bui Tuong},
  journal={Communications of the ACM},
  volume={18},
  number={6},
  pages={311--317},
  year={1975},
  publisher={ACM New York, NY, USA}
}

@article{cite,
  title={Illumination for Computer Generated Pictures},
  author={Phong, Bui Tuong},
  journal={Communications},
  year={1975}
}

@online{2ddistinigo, 
    title={2D distance functions},
    note={\url{https://www.iquilezles.org/www/articles/distfunctions2d/distfunctions2d.htm}}, 
    author={Iñigo Quilez},
    year={2018},
    urldate = {2020-09-03}
}

@online{interiorinigo, 
    title={interior SDFs - 2020},
    note={\url{https://www.iquilezles.org/www/articles/interiordistance/interiordistance.htm}}, 
    author={Iñigo Quilez},
    year={2020},
    urldate = {2020-09-03}
}

@online{3ddistinigo, 
    title={distance functions},
    note={\url{https://www.iquilezles.org/www/articles/distfunctions/distfunctions.htm}}, 
    author={Iñigo Quilez},
    year={2011},
    urldate = {2020-09-03}
}

@online{softshadows, 
    title={distance functions},
    note={\url{https://www.iquilezles.org/www/articles/rmshadows/rmshadows.htm}}, 
    author={Iñigo Quilez},
    year={2010},
    urldate = {2020-09-03}
}


@online{projections, 
    title={Chapter 12. Texture Mapping},
    note={\url{http://www.fsz.bme.hu/~szirmay/texture.pdf}}, 
    author={Magyar Tudósok},
    year={2004},
    urldate = {2020-03-09}
}

@online{glmaterial, 
    title={glMaterial},
    note={\url{https://www.khronos.org/registry/OpenGL-Refpages/es1.1/xhtml/glMaterial.xml}}, 
    author={Silicon Graphics, Inc},
    year={2003-2004},
    urldate = {2020-06-09}
}

@online{gllight, 
    title={glLight},
    note={\url{https://www.khronos.org/registry/OpenGL-Refpages/gl2.1/xhtml/glLight.xml}}, 
    author={Silicon Graphics, Inc},
    year={1991-2006},
    urldate = {2020-06-09}
}

@online{36669,
    title = {Distance of a barycentric coordinate from a triangle vertex},
    titleaddon = {(answer)},
    author = {Robin Chapman},
    date = {2010-08-25},
    year={2010},
    version = {1},
    organization = {MathOverflow},
    url = {https://mathoverflow.net/q/36669},
    urldate = {2020-06-09},
    nameaddon = {https://mathoverflow.net/users/4213/},
    note={\url{https://mathoverflow.net/q/36669}}, 
}

@online{53181,
    title = {How do we prove the rotation matrix in two dimensions not by casework?},
    titleaddon = {(answer)},
    author = {Daniel T},
    date = {2011-07-22},
    year={2011},
    version = {1},
    organization = {MathOverflow},
    url = {https://math.stackexchange.com/q/53181},
    urldate = {2020-06-09},
    nameaddon = {https://math.stackexchange.com/users/13608/},
    note={\url{https://math.stackexchange.com/q/53181}}, 
}

@online{2471175,
    title = {Prove that rotation matrix is orthogonal},
    titleaddon = {(answer)},
    author = {Emilio Novati},
    date = {2017-10-13},
    year={2017},
    version = {1},
    organization = {MathOverflow},
    url = {https://math.stackexchange.com/q/2471175},
    urldate = {2020-06-09},
    nameaddon = {https://math.stackexchange.com/users/187568/},
    note={\url{https://math.stackexchange.com/q/2471175}}, 
}

@online{2245861,
    title = {Orthogonal matrix norm},
    titleaddon = {(answer)},
    author = {Paul},
    date = {2017-04-22},
    year={2017},
    version = {1},
    organization = {MathOverflow},
    url = {https://math.stackexchange.com/q/2245861},
    urldate = {2020-06-09},
    nameaddon = {https://math.stackexchange.com/users/85965/},
    note={\url{https://math.stackexchange.com/q/2245861}}, 
}

@online{wolfram,
    title = {Plane.},
    author = {Eric Weisstein},
    date = {2000-6-13},
    year={2000},
    organization = {MathWorld},
    url = {https://mathworld.wolfram.com/Plane.html},
    urldate = {2020-08-09},
    note={\url{https://mathworld.wolfram.com/Plane.html}}, 
}

@online{webgl,
    title={WebGL 2.0 Specification},
    note={\url{https://www.khronos.org/registry/webgl/specs/latest/2.0/}}, 
    author={Dean Jackson, Jeff Gilbert},
    year={2020},
    urldate = {2020-06-09}
}

@manual{hlsl,
  title        = {HLSL},
  author       = {Michael Satran, Mike Jacobs, David Coulter}, 
  organization = {The Khronos Group Inc.},
  edition      = 2,
  month        = 9,
  year         = 2013,
  note         = {\url{https://docs.microsoft.com/en-us/windows/win32/direct3dhlsl/dx-graphics-hlsl}}
}


@manual{glsl,
  title        = {The OpenGL\textcopyright Shading Language},
  author       = {John Kessenich, Dave Baldwin, Randi Rost}, 
  organization = {The Khronos Group Inc.},
  edition      = 9,
  month        = 6,
  year         = 2014,
  note         = {\url{https://www.khronos.org/registry/OpenGL/specs/gl/GLSLangSpec.4.40.pdf}}
}